<record><leader>00000cas a2200000 a 4500</leader><controlfield tag="001">137236671</controlfield><controlfield tag="008">070529d18791889nbudr ne      0    0eng  </controlfield><datafield ind1=" " ind2=" " tag="010"><subfield code="a">sn2007058057</subfield></datafield><datafield ind1=" " ind2=" " tag="040"><subfield code="a">DLC</subfield><subfield code="b">eng</subfield><subfield code="c">DLC</subfield><subfield code="d">DLC</subfield><subfield code="d">OCLCQ</subfield><subfield code="d">OCLCF</subfield><subfield code="d">CUS</subfield></datafield><datafield ind1=" " ind2=" " tag="042"><subfield code="a">pcc</subfield></datafield><datafield ind1=" " ind2=" " tag="043"><subfield code="a">n-us-nb</subfield></datafield><datafield ind1="0" ind2="0" tag="050"><subfield code="a">Newspaper</subfield></datafield><datafield ind1="1" ind2="4" tag="050"><subfield code="a">AN</subfield></datafield><datafield ind1="0" ind2=" " tag="130"><subfield code="a">Omaha daily herald (Omaha, Neb. : 1879)</subfield></datafield><datafield ind1="1" ind2="4" tag="245"><subfield code="a">The Omaha daily herald.</subfield></datafield><datafield ind1=" " ind2=" " tag="260"><subfield code="a">Omaha, Neb. :</subfield><subfield code="b">Geo. L. Miller, Lyman Richardson,</subfield><subfield code="c">1879-1889.</subfield></datafield><datafield ind1=" " ind2=" " tag="300"><subfield code="a">11 v.</subfield></datafield><datafield ind1=" " ind2=" " tag="310"><subfield code="a">Daily,</subfield><subfield code="b">Sept. 6, 1886-</subfield></datafield><datafield ind1=" " ind2=" " tag="321"><subfield code="a">Daily (except Monday),</subfield><subfield code="b">July 22, 1879-Sept. 5, 1886</subfield></datafield><datafield ind1="0" ind2=" " tag="362"><subfield code="a">Vol. 14, no. 237 (July 22, 1879-v. 24, no. 284 (July 14, 1889).</subfield></datafield><datafield ind1=" " ind2=" " tag="530"><subfield code="a">Also issued on microfilm from the Library of Congress, Photoduplication Service.</subfield></datafield><datafield ind1=" " ind2=" " tag="580"><subfield code="a">Weekly eds.: Omaha herald (Omaha, Neb. : Weekly), 1879-1885; Omaha weekly herald (Omaha, Neb. : 1885), 1885-1889.</subfield></datafield><datafield ind1=" " ind2=" " tag="580"><subfield code="a">Merged with: Omaha daily world, to form: Omaha daily world-herald (Omaha, Neb. : Morning ed.), and: Omaha daily world-herald (Omaha, Neb. : Evening ed.).</subfield></datafield><datafield ind1=" " ind2="0" tag="651"><subfield code="a">Omaha (Neb.)</subfield><subfield code="v">Newspapers.</subfield></datafield><datafield ind1=" " ind2="7" tag="651"><subfield code="a">Nebraska</subfield><subfield code="z">Omaha.</subfield><subfield code="2">fast</subfield><subfield code="0">(OCoLC)fst01204995</subfield></datafield><datafield ind1=" " ind2="7" tag="655"><subfield code="a">Newspapers.</subfield><subfield code="2">fast</subfield><subfield code="0">(OCoLC)fst01423814</subfield></datafield><datafield ind1=" " ind2=" " tag="752"><subfield code="a">United States</subfield><subfield code="b">Nebraska</subfield><subfield code="c">Douglas</subfield><subfield code="d">Omaha.</subfield></datafield><datafield ind1="1" ind2=" " tag="775"><subfield code="t">Omaha herald (Omaha, Neb. : Weekly)</subfield></datafield><datafield ind1="1" ind2=" " tag="775"><subfield code="t">Omaha weekly herald (Omaha, Neb. : 1885)</subfield></datafield><datafield ind1="0" ind2="0" tag="780"><subfield code="t">Omaha herald (Omaha, Neb. : Daily)</subfield><subfield code="w">(DLC)sn 95073416</subfield></datafield><datafield ind1="1" ind2="7" tag="785"><subfield code="t">Omaha daily world</subfield><subfield code="w">(DLC)sn 95073411</subfield></datafield><datafield ind1="1" ind2="7" tag="785"><subfield code="t">Omaha daily world-herald (Omaha, Neb. : Morning ed.)</subfield><subfield code="w">(DLC)sn 95073432</subfield></datafield><datafield ind1="1" ind2="7" tag="785"><subfield code="t">Omaha daily world-herald (Omaha, Neb. : Evening ed.)</subfield><subfield code="w">(DLC)sn 95073412</subfield></datafield><datafield ind1="4" ind2="1" tag="856"><subfield code="3">10/30/1878 to 06/30/1889</subfield><subfield code="u">http://infoweb.newsbank.com/?db=EANX&amp;s_browseRef=decades/11EC6D5CA44B216E/all.xml</subfield></datafield></record>